@book{computationalphysics, place={Cambridge}, edition={2}, title={Computational Physics}, DOI={10.1017/CBO9781139171397}, publisher={Cambridge University Press}, author={Thijssen, Jos}, year={2007}}
@book{mcweeny, place={New York}, title={Methods of Molecular Quantum Mechanics}, DOI={10.1017/CBO9781139171397}, publisher={Academic Press}, author={R. McWeeny},edition={2}, year={1989}}
@book{szabo,
  title={Modern Quantum Chemistry: Introduction to Advanced Electronic Structure Theory},
  author={Szabo, A. and Ostlund, N.S.},
  isbn={9780486691862},
  lccn={lc96010775},
  series={Dover Books on Chemistry},
  url={https://books.google.es/books?id=6mV9gYzEkgIC},
  year={1996},
  publisher={Dover Publications}
}
@book{jupyter_levine,
  title={Quantum Chemistry},
  author={Levine, I.N.},
  isbn={9780321803450},
  lccn={2012039711},
  series={Pearson advanced chemistry series},
  url={https://books.google.es/books?id=dvyJMQEACAAJ},
  year={2014},
  publisher={Pearson},
  chapter={11,14}
}
@book{griffiths, place={Cambridge}, edition={3}, title={Introduction to Quantum Mechanics}, DOI={10.1017/9781316995433}, publisher={Cambridge University Press}, author={Griffiths, David J. and Schroeter, Darrell F.}, year={2018}}
@book{sutcliffe,
  title={Computational techniques in quantum chemistry and molecular physics : proceedings of the NATO Advanced Study Institute held at Ramsau, Germany, 4-21 September, 1974},
  publisher={Geerd H. F. Diercksen and Brian T Sutcliffe and Alain Veillard},
  chapter={Fundamentals of computational quantum chemistry},
  author={B. T. Sutcliffe},
  year={1975}
}
@article{Blinder,
  title={Basic concepts of self-consistent-field theory},
  author={Blinder, SM},
  journal={American journal of physics},
  volume={33},
  number={6},
  pages={431--443},
  year={1965},
  publisher={American Association of Physics Teachers}
}

@book{slater1, 
	author = {J. C. Slater},
	title = {Quantum Theory of Molecules and Solids},
	volume = {4},
	publisher={MxGraw-Hill},
	place={New York},
	year={1982}
}


@article{yoshimine,
    author = {M. Yoshimine},
    title = {The use of direct access devices in problems requiring the reordering of long lists of data},
    report = {RJ-555},
    place = {IBM Research Laboratory, San Jose, California},
    year = {1969}
}

@article{basissetexchange,
author = {Pritchard, Benjamin P. and Altarawy, Doaa and Didier, Brett and Gibson, Tara D. and Windus, Theresa L.},
title = {New Basis Set Exchange: An Open, Up-to-Date Resource for the Molecular Sciences Community},
journal = {Journal of Chemical Information and Modeling},
volume = {59},
number = {11},
pages = {4814-4820},
year = {2019},
doi = {10.1021/acs.jcim.9b00725},
    note ={PMID: 31600445},

URL = { 
        https://doi.org/10.1021/acs.jcim.9b00725
    
},
eprint = { 
        https://doi.org/10.1021/acs.jcim.9b00725
    
}
}
@book{densitymatrix,
    keywords = {Ordenadores cuánticos},
    publisher = {Cambridge University Press},
    title = {Quantum computation and quantum information},
    year = {2017},
    author = {Michael A. Nielsen and Isaac L. Chuang},
    address = {Cambridge},
    booktitle = {Quantum computation and quantum information},
    edition = {10th Anniversary ed.},
    isbn = {0-521-63503-9},
}

@article{roothaan,
  title = {New Developments in Molecular Orbital Theory},
  author = {Roothaan, C. C. J.},
  journal = {Rev. Mod. Phys.},
  volume = {23},
  issue = {2},
  pages = {69--89},
  numpages = {0},
  year = {1951},
  month = {4},
  publisher = {American Physical Society},
  doi = {10.1103/RevModPhys.23.69},
  url = {https://link.aps.org/doi/10.1103/RevModPhys.23.69}
}
%Examples
%@book{minimumextension,
%	author = {Ta-Pei Cheng and Ling-Fong Li},
%	title = {Gauge theory of elementary particle physics},
%	date = {1986},
%	publisher = {Oxford Science Publications},
%	pages={409},
%	chapter={13}
%}
%
%@book{introduction_mexico,
%	author = {Luis G. Cabral-Rosetti},
%	title = {Introducción a las oscilaciones de neutrinos},
%	date = {2002},
%	volume={28},
%	number = {4},
%	pages= {366-383},
%	journal = {Rev. mex. fis.},
%	pages = {409},
%	chapter = {13},
%	issn = {0035-001X},
%}
%
%@book{introduction_to_neutrinos,
%	url = {https://doi.org/10.1515/9781400845590},
%	title = {The Physics of Neutrinos},
%	author = {Vernon Barger and Danny Marfatia and Kerry Whisnant},
%	publisher = {Princeton University Press},
%	address = {Princeton},
%	doi = {doi:10.1515/9781400845590},
%	isbn = {9781400845590},
%	year = {2013},
%	lastchecked = {2023-04-22}
%}
%
%
%@article{MNS_coef,
%	title = {Building the full Pontecorvo-Maki-Nakagawa-Sakata matrix from six independent Majorana-type phases},
%	author = {Branco, Gustavo C. and Rebelo, M. N.},
%	journal = {Phys. Rev. D},
%	volume = {79},
%	issue = {1},
%	pages = {013001},
%	numpages = {10},
%	year = {2009},
%	month = {1},
%	publisher = {American Physical Society},
%	doi = {10.1103/PhysRevD.79.013001},
%	url = {https://link.aps.org/doi/10.1103/PhysRevD.79.013001}
%}
